@article{Fluri:2007:CDT,
 author = {Fluri, Beat and Wuersch, Michael and PInzger, Martin and Gall, Harald},
 title = {Change Distilling: Tree Differencing for Fine-Grained Source Code Change Extraction},
 journal = {IEEE Trans. Softw. Eng.},
 issue_date = {November 2007},
 volume = {33},
 number = {11},
 month = nov,
 year = {2007},
 issn = {0098-5589},
 pages = {725--743},
 numpages = {19},
 doi = {10.1109/TSE.2007.70731},
 acmid = {1314081},
 publisher = {IEEE Press},
 address = {Piscataway, NJ, USA},
 keywords = {Source code change extraction, Source code change extraction, tree differencing algorithms, software repositories, software evolution analysis, software evolution analysis, software repositories, tree differencing algorithms},
} 

@article{Fayad:2001:TOI,
 author = {Fayad, Mohammed E. and Altman, Adam},
 title = {Thinking objectively: an introduction to software stability},
 journal = {Commun. ACM},
 issue_date = {Sept. 2001},
 volume = {44},
 number = {9},
 month = sep,
 year = {2001},
 issn = {0001-0782},
 pages = {95--},
 url = {http://doi.acm.org/10.1145/383694.383713},
 doi = {10.1145/383694.383713},
 acmid = {383713},
 publisher = {ACM},
 address = {New York, NY, USA},
} 

@article{Fayad:2002:ASS,
 author = {Fayad, Mohamed},
 title = {Accomplishing software stability},
 journal = {Commun. ACM},
 issue_date = {January 2002},
 volume = {45},
 number = {1},
 month = jan,
 year = {2002},
 issn = {0001-0782},
 pages = {111--115},
 numpages = {5},
 url = {http://doi.acm.org/10.1145/502269.502308},
 doi = {10.1145/502269.502308},
 acmid = {502308},
 publisher = {ACM},
 address = {New York, NY, USA},
}

@article{Fayad:2002:DSS,
 author = {Fayad, Mohamed E.},
 title = {How to deal with software stability},
 journal = {Commun. ACM},
 issue_date = {April 2002},
 volume = {45},
 number = {4},
 month = apr,
 year = {2002},
 issn = {0001-0782},
 pages = {109--112},
 numpages = {4},
 url = {http://doi.acm.org/10.1145/505248.505278},
 doi = {10.1145/505248.505278},
 acmid = {505278},
 publisher = {ACM},
 address = {New York, NY, USA},
}  

@inproceedings{Tsay:2011:EMO,
 author = {Tsay, Jason and Wright, Hyrum K. and Perry, Dewayne E.},
 title = {Experiences mining open source release histories},
 booktitle = {Proceedings of the 2011 International Conference on Software and Systems Process},
 series = {ICSSP '11},
 year = {2011},
 isbn = {978-1-4503-0730-7},
 location = {Waikiki, Honolulu, HI, USA},
 pages = {208--212},
 numpages = {5},
 doi = {10.1145/1987875.1987911},
 acmid = {1987911},
 publisher = {ACM},
 address = {New York, NY, USA},
 keywords = {data mining, release engineering},
} 

@inproceedings{Bowen:1978:CAS,
 author = {Bowen, John B.},
 title = {Are current approaches sufficient for measuring software quality?},
 booktitle = {Proceedings of the software quality assurance workshop on Functional and performance issues},
 year = {1978},
 pages = {148--155},
 numpages = {8},
 doi = {10.1145/800283.811115},
 acmid = {811115},
 publisher = {ACM},
 address = {New York, NY, USA},
} 

@article{Grady:1993:PRM,
 author = {Grady, Robert B.},
 title = {Practical results from measuring software quality},
 journal = {Commun. ACM},
 issue_date = {Nov. 1993},
 volume = {36},
 number = {11},
 month = nov,
 year = {1993},
 issn = {0001-0782},
 pages = {62--68},
 numpages = {7},
 doi = {10.1145/163359.163369},
 acmid = {163369},
 publisher = {ACM},
 address = {New York, NY, USA},
 keywords = {software defect analysis},
} 

@book{ISOIEC9126,
  title = {ISO/IEC 9126. Software engineering -- Product quality},
  publisher = {ISO/IEC},
  year = {2001},
  author = {ISO/IEC}
}

@article{Conway:1968,
  added-at = {2008-09-01T18:59:19.000+0200},
  author = {Conway, M.E.},
  description = {http://www.melconway.com/law/index.html},
  interhash = {4ee7abb132de079ddc5c42708149494e},
  intrahash = {e0328a2e264b4ab6926d786476b890ba},
  journal = {Datamation},
  keywords = {social-factors software-engineering},
  number = 4,
  pages = {28--31},
  timestamp = {2008-09-01T18:59:19.000+0200},
  title = {{How do committees invent}},
  volume = 14,
  year = 1968
}

@inproceedings{Wu:2008:QAF,
 author = {Wu, Shujian and Wang, Qing and Yang, Ye},
 title = {Quantitative analysis of faults and failures with multiple releases of softpm},
 booktitle = {Proceedings of the Second ACM-IEEE international symposium on Empirical software engineering and measurement},
 series = {ESEM '08},
 year = {2008},
 isbn = {978-1-59593-971-5},
 location = {Kaiserslautern, Germany},
 pages = {198--205},
 numpages = {8},
 doi = {10.1145/1414004.1414037},
 acmid = {1414037},
 publisher = {ACM},
 address = {New York, NY, USA},
 keywords = {empirical studies, metrics, software faults and failures},
} 

@inproceedings{Hindle:2007:RPD,
 author = {Hindle, Abram and Godfrey, Michael W. and Holt, Richard C.},
 title = {Release Pattern Discovery via Partitioning: Methodology and Case Study},
 booktitle = {Proceedings of the Fourth International Workshop on Mining Software Repositories},
 series = {MSR '07},
 year = {2007},
 isbn = {0-7695-2950-X},
 pages = {19--},
 doi = {10.1109/MSR.2007.28},
 acmid = {1269033},
 publisher = {IEEE Computer Society},
 address = {Washington, DC, USA},
} 

@article{Zaidman:2011:SCP,
 author = {Zaidman, Andy and Rompaey, Bart and Deursen, Arie and Demeyer, Serge},
 title = {Studying the co-evolution of production and test code in open source and industrial developer test processes through repository mining},
 journal = {Empirical Softw. Engg.},
 issue_date = {June      2011},
 volume = {16},
 number = {3},
 month = jun,
 year = {2011},
 issn = {1382-3256},
 pages = {325--364},
 numpages = {40},
 doi = {10.1007/s10664-010-9143-7},
 acmid = {1969703},
 publisher = {Kluwer Academic Publishers},
 address = {Hingham, MA, USA},
 keywords = {Co-evolution, Software evolution, Software repository mining, Software testing, Test coverage},
} 

@inproceedings{Mockus:2008:IQR,
 author = {Mockus, Audris and Weiss, David},
 title = {Interval quality: relating customer-perceived quality to process quality},
 booktitle = {Proceedings of the 30th international conference on Software engineering},
 series = {ICSE '08},
 year = {2008},
 isbn = {978-1-60558-079-1},
 location = {Leipzig, Germany},
 pages = {723--732},
 numpages = {10},
 doi = {10.1145/1368088.1368190},
 acmid = {1368190},
 publisher = {ACM},
 address = {New York, NY, USA},
 keywords = {software metrics},
} 

@inproceedings{Chow:2011:SJI,
 author = {Chow, Jonathan and Tempero, Ewan},
 title = {Stability of Java interfaces: a preliminary investigation},
 booktitle = {Proceedings of the 2nd International Workshop on Emerging Trends in Software Metrics},
 series = {WETSoM '11},
 year = {2011},
 isbn = {978-1-4503-0593-8},
 location = {Waikiki, Honolulu, HI, USA},
 pages = {38--44},
 numpages = {7},
 doi = {10.1145/1985374.1985385},
 acmid = {1985385},
 publisher = {ACM},
 address = {New York, NY, USA},
 keywords = {java interface, software metrics, stability},
} 

@inproceedings{Fayad:2010:SSM,
 author = {Fayad, M. E. and Singh, Shivanshu K.},
 title = {Software stability model: software product line engineering overhauled},
 booktitle = {Proceedings of the 2010 Workshop on Knowledge-Oriented Product Line Engineering},
 series = {KOPLE '10},
 year = {2010},
 isbn = {978-1-4503-0542-6},
 location = {Reno, Nevada},
 pages = {4:1--4:4},
 articleno = {4},
 numpages = {4},
 doi = {10.1145/1964138.1964142},
 acmid = {1964142},
 publisher = {ACM},
 address = {New York, NY, USA},
 keywords = {domain analysis, scalability, software product lines, software stability model, stability, unified solutions},
} 

@inproceedings{Nagappan:2005:URC,
 author = {Nagappan, Nachiappan and Ball, Thomas},
 title = {Use of relative code churn measures to predict system defect density},
 booktitle = {Proceedings of the 27th international conference on Software engineering},
 series = {ICSE '05},
 year = {2005},
 isbn = {1-58113-963-2},
 location = {St. Louis, MO, USA},
 pages = {284--292},
 numpages = {9},
 url = {http://doi.acm.org/10.1145/1062455.1062514},
 doi = {10.1145/1062455.1062514},
 acmid = {1062514},
 publisher = {ACM},
 address = {New York, NY, USA},
 keywords = {defect density, fault-proneness, multiple regression, principal component analysis, relative code churn},
} 

@article{Fenton:2000:QAF,
 author = {Fenton, Norman E. and Ohlsson, Niclas},
 title = {Quantitative Analysis of Faults and Failures in a Complex Software System},
 journal = {IEEE Trans. Softw. Eng.},
 issue_date = {August 2000},
 volume = {26},
 number = {8},
 month = aug,
 year = {2000},
 issn = {0098-5589},
 pages = {797--814},
 numpages = {18},
 url = {http://dx.doi.org/10.1109/32.879815},
 doi = {10.1109/32.879815},
 acmid = {631250},
 publisher = {IEEE Press},
 address = {Piscataway, NJ, USA},
 keywords = {Software faults and failures, software metrics, empirical studies.},
} 

@inproceedings{Wermelinger:2008:AEE,
 author = {Wermelinger, Michel and Yu, Yijun},
 title = {Analyzing the evolution of eclipse plugins},
 booktitle = {Proceedings of the 2008 international working conference on Mining software repositories},
 series = {MSR '08},
 year = {2008},
 isbn = {978-1-60558-024-1},
 location = {Leipzig, Germany},
 pages = {133--136},
 numpages = {4},
 doi = {10.1145/1370750.1370783},
 acmid = {1370783},
 publisher = {ACM},
 address = {New York, NY, USA},
 keywords = {architectural evolution},
} 

@inproceedings{Businge:2010:ESE,
 author = {Businge, John and Serebrenik, Alexander and van den Brand, Mark},
 title = {An empirical study of the evolution of Eclipse third-party plug-ins},
 booktitle = {Proceedings of the Joint ERCIM Workshop on Software Evolution (EVOL) and International Workshop on Principles of Software Evolution (IWPSE)},
 series = {IWPSE-EVOL '10},
 year = {2010},
 isbn = {978-1-4503-0128-2},
 location = {Antwerp, Belgium},
 pages = {63--72},
 numpages = {10},
 doi = {10.1145/1862372.1862389},
 acmid = {1862389},
 publisher = {ACM},
 address = {New York, NY, USA},
 keywords = {Eclipse, dependencies on Eclipse, evolution, metrics, third-party plug-ins},
} 