@inproceedings{Dourish:1992:ACS,
 author = {Dourish, Paul and Bellotti, Victoria},
 title = {Awareness and coordination in shared workspaces},
 booktitle = {Proceedings of the 1992 ACM conference on Computer-supported cooperative work},
 series = {CSCW '92},
 year = {1992},
 isbn = {0-89791-542-9},
 location = {Toronto, Ontario, Canada},
 pages = {107--114},
 numpages = {8},
 doi = {10.1145/143457.143468},
 acmid = {143468},
 publisher = {ACM},
 address = {New York, NY, USA},
 keywords = {awareness, coordination, information sharing, shared feedback, shared workspaces},
} 

@article{Perry:2001:PCL,
 author = {Perry, Dewayne E. and Siy, Harvey P. and Votta, Lawrence G.},
 title = {Parallel changes in large-scale software development: an observational case study},
 journal = {ACM Trans. Softw. Eng. Methodol.},
 issue_date = {July 2001},
 volume = {10},
 number = {3},
 month = jul,
 year = {2001},
 issn = {1049-331X},
 pages = {308--337},
 numpages = {30},
 url = {http://doi.acm.org/10.1145/383876.383878},
 doi = {10.1145/383876.383878},
 acmid = {383878},
 publisher = {ACM},
 address = {New York, NY, USA},
 keywords = {change management, merging interfering and noninterfering versions, parallel versions, parallel/concurrent changes, software integration},
} 

@inproceedings{Khurana:2009:PFC,
 author = {Khurana, Himanshu and Basney, Jim and Bakht, Mehedi and Freemon, Mike and Welch, Von and Butler, Randy},
 title = {Palantir: a framework for collaborative incident response and investigation},
 booktitle = {Proceedings of the 8th Symposium on Identity and Trust on the Internet},
 series = {IDtrust '09},
 year = {2009},
 isbn = {978-1-60558-474-4},
 location = {Gaithersburg, Maryland},
 pages = {38--51},
 numpages = {14},
 doi = {10.1145/1527017.1527023},
 acmid = {1527023},
 publisher = {ACM},
 address = {New York, NY, USA},
 keywords = {digital investigation, incident response, multi-site collaboration},
}

@inproceedings{Xiang:2008:ERT,
 author = {Xiang, P. F. and Ying, A. T. T. and Cheng, P. and Dang, Y. B. and Ehrlich, K. and Helander, M. E. and Matchen, P. M. and Empere, A. and Tarr, P. L. and Williams, C. and Yang, S. X.},
 title = {Ensemble: a recommendation tool for promoting communication in software teams},
 booktitle = {Proceedings of the 2008 international workshop on Recommendation systems for software engineering},
 series = {RSSE '08},
 year = {2008},
 isbn = {978-1-60558-228-3},
 location = {Atlanta, Georgia},
 pages = {2:1--2:1},
 articleno = {2},
 numpages = {1},
 doi = {10.1145/1454247.1454259},
 acmid = {1454259},
 publisher = {ACM},
 address = {New York, NY, USA},
} 

@inproceedings{Biehl:2007:FVD,
 author = {Biehl, Jacob T. and Czerwinski, Mary and Smith, Greg and Robertson, George G.},
 title = {FASTDash: a visual dashboard for fostering awareness in software teams},
 booktitle = {Proceedings of the SIGCHI Conference on Human Factors in Computing Systems},
 series = {CHI '07},
 year = {2007},
 isbn = {978-1-59593-593-9},
 location = {San Jose, California, USA},
 pages = {1313--1322},
 numpages = {10},
 doi = {10.1145/1240624.1240823},
 acmid = {1240823},
 publisher = {ACM},
 address = {New York, NY, USA},
 keywords = {awareness, collaborative programming, field study, large display, visualization},
} 

@inproceedings{Sarma:2009:TIV,
 author = {Sarma, Anita and Maccherone, Larry and Wagstrom, Patrick and Herbsleb, James},
 title = {Tesseract: Interactive visual exploration of socio-technical relationships in software development},
 booktitle = {Proceedings of the 31st International Conference on Software Engineering},
 series = {ICSE '09},
 year = {2009},
 isbn = {978-1-4244-3453-4},
 pages = {23--33},
 numpages = {11},
 doi = {10.1109/ICSE.2009.5070505},
 acmid = {1555019},
 publisher = {IEEE Computer Society},
 address = {Washington, DC, USA},
} 

@book{Corbin:1998:SP,
 author = {J. Corbin and A. C. Strauss},
 title = {Basics of Qualitative Research: Techniques and Procedures for Developing Grounded Theory},
 publisher = {Sage Publications},
 year = {2007},
 edition = {3rd edition}
}

@inproceedings{Sarma:2007:TSA,
 author = {Sarma, Anita and Bortis, Gerald and van der Hoek, Andre},
 title = {Towards supporting awareness of indirect conflicts across software configuration management workspaces},
 booktitle = {Proceedings of the twenty-second IEEE/ACM international conference on Automated software engineering},
 series = {ASE '07},
 year = {2007},
 isbn = {978-1-59593-882-4},
 location = {Atlanta, Georgia, USA},
 pages = {94--103},
 numpages = {10},
 doi = {10.1145/1321631.1321647},
 acmid = {1321647},
 publisher = {ACM},
 address = {New York, NY, USA},
 keywords = {awareness, configuration managment, direct conflicts, indirect conflicts, software configuration management},
} 

@inproceedings{Servant:2010:CPI,
 author = {Servant, Francisco and Jones, James A. and van der Hoek, Andr{\'e}},
 title = {CASI: preventing indirect conflicts through a live visualization},
 booktitle = {Proceedings of the 2010 ICSE Workshop on Cooperative and Human Aspects of Software Engineering},
 series = {CHASE '10},
 year = {2010},
 isbn = {978-1-60558-966-4},
 location = {Cape Town, South Africa},
 pages = {39--46},
 numpages = {8},
 doi = {10.1145/1833310.1833317},
 acmid = {1833317},
 publisher = {ACM},
 address = {New York, NY, USA},
 keywords = {conflicts, parallel work, software configuration management, software visualization, workspace awareness},
} 

@inproceedings{Trainer:2005:BGT,
 author = {Trainer, Erik and Quirk, Stephen and de Souza, Cleidson and Redmiles, David},
 title = {Bridging the gap between technical and social dependencies with Ariadne},
 booktitle = {Proceedings of the 2005 OOPSLA workshop on Eclipse technology eXchange},
 series = {eclipse '05},
 year = {2005},
 isbn = {1-59593-342-5},
 location = {San Diego, California},
 pages = {26--30},
 numpages = {5},
 doi = {10.1145/1117696.1117702},
 acmid = {1117702},
 publisher = {ACM},
 address = {New York, NY, USA},
 keywords = {collaborative software development, program dependencies, social dependencies},
} 

@inproceedings{Bajracharya:2009:SIS,
 author = {Bajracharya, Sushil and Ossher, Joel and Cristina Lopes},
 title = {Sourcerer: An internet-scale software repository},
 booktitle = {Proceedings of the 2009 ICSE Workshop on Search-Driven Development-Users, Infrastructure, Tools and Evaluation},
 series = {SUITE '09},
 year = {2009},
 isbn = {978-1-4244-3740-5},
 pages = {1--4},
 numpages = {4},
 doi = {10.1109/SUITE.2009.5070010},
 acmid = {1556984},
 publisher = {IEEE Computer Society},
 address = {Washington, DC, USA},
} 

@inproceedings{Begel:2010:CDE,
 author = {Begel, Andrew and Khoo, Yit Phang and Zimmermann, Thomas},
 title = {Codebook: discovering and exploiting relationships in software repositories},
 booktitle = {Proceedings of the 32nd ACM/IEEE International Conference on Software Engineering - Volume 1},
 series = {ICSE '10},
 year = {2010},
 isbn = {978-1-60558-719-6},
 location = {Cape Town, South Africa},
 pages = {125--134},
 numpages = {10},
 doi = {10.1145/1806799.1806821},
 acmid = {1806821},
 publisher = {ACM},
 address = {New York, NY, USA},
 keywords = {inter-team coordination, knowledge management, mining software repositories, regular expression, regular language reachability, social networking},
} 

@inproceedings{Borici:2012:CHA,
 author = {Borici, A. and Blincoe, K. and Schr√∂ter, A. and Valetto, G. and and Damian, D.},
 title = {ProxiScientia: Toward Real-Time Visualization of Task and Developer Dependencies in Collaborating Software Development Teams},
 booktitle = {In Proc},
 series = {CHASE 2012}
} 

@article{Kwan:2011:SCE,
 author = {Kwan, Irwin and Schroter, Adrian and Damian, Daniela},
 title = {Does Socio-Technical Congruence Have an Effect on Software Build Success? A Study of Coordination in a Software Project},
 journal = {IEEE Trans. Softw. Eng.},
 issue_date = {May 2011},
 volume = {37},
 number = {3},
 month = may,
 year = {2011},
 issn = {0098-5589},
 pages = {307--324},
 numpages = {18},
 doi = {10.1109/TSE.2011.29},
 acmid = {1991007},
 publisher = {IEEE Press},
 address = {Piscataway, NJ, USA},
 keywords = {Empirical software engineering, socio-technical congruence, coordination, awareness, software quality, integration.},
} 

@inproceedings{Kwan:2011:ESC,
 author = {Kwan, Irwin and Damian, Daniela},
 title = {Extending socio-technical congruence with awareness relationships},
 booktitle = {Proceedings of the 4th international workshop on Social software engineering},
 series = {SSE '11},
 year = {2011},
 isbn = {978-1-4503-0850-2},
 location = {Szeged, Hungary},
 pages = {23--30},
 numpages = {8},
 doi = {10.1145/2024645.2024652},
 acmid = {2024652},
 publisher = {ACM},
 address = {New York, NY, USA},
 keywords = {awareness, collaboration, coordination, empirical software engineering, socio-technical congruence},
} 

@article{Guest:2006:SAP,
author = {Guest, Greg and Bunce, Arwen and Johnson, Laura}, 
title = {How Many Interviews Are Enough?: An Experiment with Data Saturation and Variability},
volume = {18}, 
number = {1}, 
pages = {59-82}, 
year = {2006}, 
doi = {10.1177/1525822X05279903}, 
eprint = {http://fmx.sagepub.com/content/18/1/59.full.pdf+html}, 
journal = {Field Methods} 
}