@inproceedings{Zimmermann:2008:PDU,
 author = {Zimmermann, Thomas and Nagappan, Nachiappan},
 title = {Predicting defects using network analysis on dependency graphs},
 booktitle = {Proceedings of the 30th international conference on Software engineering},
 series = {ICSE '08},
 year = {2008},
 isbn = {978-1-60558-079-1},
 location = {Leipzig, Germany},
 pages = {531--540},
 numpages = {10},
 url = {http://doi.acm.org/10.1145/1368088.1368161},
 doi = {10.1145/1368088.1368161},
 acmid = {1368161},
 publisher = {ACM},
 address = {New York, NY, USA},
 keywords = {defect prediction, dependency graph, network analysis, windows server 2003},
} 

@inproceedings{Pinzger:2008:DNP,
 author = {Pinzger, Martin and Nagappan, Nachiappan and Murphy, Brendan},
 title = {Can developer-module networks predict failures?},
 booktitle = {Proceedings of the 16th ACM SIGSOFT International Symposium on Foundations of software engineering},
 series = {SIGSOFT '08/FSE-16},
 year = {2008},
 isbn = {978-1-59593-995-1},
 location = {Atlanta, Georgia},
 pages = {2--12},
 numpages = {11},
 url = {http://doi.acm.org/10.1145/1453101.1453105},
 doi = {10.1145/1453101.1453105},
 acmid = {1453105},
 publisher = {ACM},
 address = {New York, NY, USA},
 keywords = {developer contribution network, failure prediction, network centrality measures, social network analysis},
} 

@inproceedings{Kim:2006:AIB,
 author = {Kim, Sunghun and Zimmermann, Thomas and Pan, Kai and Whitehead, E. James Jr.},
 title = {Automatic Identification of Bug-Introducing Changes},
 booktitle = {Proceedings of the 21st IEEE/ACM International Conference on Automated Software Engineering},
 series = {ASE '06},
 year = {2006},
 isbn = {0-7695-2579-2},
 pages = {81--90},
 numpages = {10},
 url = {http://dx.doi.org/10.1109/ASE.2006.23},
 doi = {10.1109/ASE.2006.23},
 acmid = {1169308},
 publisher = {IEEE Computer Society},
 address = {Washington, DC, USA},
}

@inproceedings{Schroter:2010:PBO,
 author = {Schr\"{o}ter, Adrian},
 title = {Predicting build outcome with developer interaction in Jazz},
 booktitle = {Proceedings of the 32nd ACM/IEEE International Conference on Software Engineering - Volume 2},
 series = {ICSE '10},
 year = {2010},
 isbn = {978-1-60558-719-6},
 location = {Cape Town, South Africa},
 pages = {511--512},
 numpages = {2},
 url = {http://doi.acm.org/10.1145/1810295.1810456},
 doi = {10.1145/1810295.1810456},
 acmid = {1810456},
 publisher = {ACM},
 address = {New York, NY, USA},
}

@inproceedings{Sliwerski:2005:CIF,
 author = {\'{S}liwerski, Jacek and Zimmermann, Thomas and Zeller, Andreas},
 title = {When do changes induce fixes?},
 booktitle = {Proceedings of the 2005 international workshop on Mining software repositories},
 series = {MSR '05},
 year = {2005},
 isbn = {1-59593-123-6},
 location = {St. Louis, Missouri},
 pages = {1--5},
 numpages = {5},
 url = {http://doi.acm.org/10.1145/1082983.1083147},
 doi = {10.1145/1082983.1083147},
 acmid = {1083147},
 publisher = {ACM},
 address = {New York, NY, USA},
} 

@inproceedings{Borici:2012:CHA,
 author = {Borici, A. and Blincoe, K. and Schr√∂ter, A. and Valetto, G. and and Damian, D.},
 title = {ProxiScientia: Toward Real-Time Visualization of Task and Developer Dependencies in Collaborating Software Development Teams},
 booktitle = {In Proc},
 series = {CHASE 2012}
} 

@book{Corbin:1998:SP,
 author = {J. Corbin and A. C. Strauss},
 title = {Basics of Qualitative Research: Techniques and Procedures for Developing Grounded Theory},
 publisher = {Sage Publications},
 year = {2007},
 edition = {3rd edition}
}

@article{Weiser:1982:PUS,
 author = {Weiser, Mark},
 title = {Programmers use slices when debugging},
 journal = {Commun. ACM},
 issue_date = {July 1982},
 volume = {25},
 number = {7},
 month = jul,
 year = {1982},
 issn = {0001-0782},
 pages = {446--452},
 numpages = {7},
 doi = {10.1145/358557.358577},
 acmid = {358577},
 publisher = {ACM},
 address = {New York, NY, USA},
 keywords = {program decomposition, slice},
} 

@inproceedings{Bodden:2003:HVJ,
 author = {Bodden, Eric},
 title = {A high-level view of Java applications},
 booktitle = {Companion of the 18th annual ACM SIGPLAN conference on Object-oriented programming, systems, languages, and applications},
 series = {OOPSLA '03},
 year = {2003},
 isbn = {1-58113-751-6},
 location = {Anaheim, CA, USA},
 pages = {384--385},
 numpages = {2},
 url = {http://doi.acm.org/10.1145/949344.949447},
 doi = {10.1145/949344.949447},
 acmid = {949447},
 publisher = {ACM},
 address = {New York, NY, USA},
 keywords = {Java, call graph visualization, static analysis},
} 

@inproceedings{Acharya:2011:PCI,
 author = {Acharya, Mithun and Robinson, Brian},
 title = {Practical change impact analysis based on static program slicing for industrial software systems},
 booktitle = {Proceedings of the 33rd International Conference on Software Engineering},
 series = {ICSE '11},
 year = {2011},
 isbn = {978-1-4503-0445-0},
 location = {Waikiki, Honolulu, HI, USA},
 pages = {746--755},
 numpages = {10},
 url = {http://doi.acm.org/10.1145/1985793.1985898},
 doi = {10.1145/1985793.1985898},
 acmid = {1985898},
 publisher = {ACM},
 address = {New York, NY, USA},
 keywords = {change impact analysis, empirical study, static program slicing},
} 

@inproceedings{Dourish:1992:ACS,
 author = {Dourish, Paul and Bellotti, Victoria},
 title = {Awareness and coordination in shared workspaces},
 booktitle = {Proceedings of the 1992 ACM conference on Computer-supported cooperative work},
 series = {CSCW '92},
 year = {1992},
 isbn = {0-89791-542-9},
 location = {Toronto, Ontario, Canada},
 pages = {107--114},
 numpages = {8},
 doi = {10.1145/143457.143468},
 acmid = {143468},
 publisher = {ACM},
 address = {New York, NY, USA},
 keywords = {awareness, coordination, information sharing, shared feedback, shared workspaces},
} 

@inproceedings{Khurana:2009:PFC,
 author = {Khurana, Himanshu and Basney, Jim and Bakht, Mehedi and Freemon, Mike and Welch, Von and Butler, Randy},
 title = {Palantir: a framework for collaborative incident response and investigation},
 booktitle = {Proceedings of the 8th Symposium on Identity and Trust on the Internet},
 series = {IDtrust '09},
 year = {2009},
 isbn = {978-1-60558-474-4},
 location = {Gaithersburg, Maryland},
 pages = {38--51},
 numpages = {14},
 doi = {10.1145/1527017.1527023},
 acmid = {1527023},
 publisher = {ACM},
 address = {New York, NY, USA},
 keywords = {digital investigation, incident response, multi-site collaboration},
}

@inproceedings{Damian:2007:GSE, 
author={Damian, D. and Izquierdo, L. and Singer, J. and Kwan, I.}, 
booktitle={Global Software Engineering, 2007. ICGSE 2007. Second IEEE International Conference on}, title={Awareness in the Wild: Why Communication Breakdowns Occur}, 
year={2007}, 
month={aug.}, 
volume={}, 
number={}, 
pages={81 -90}, 
keywords={collaboration pattern;collaborative software development;communication breakdown;communication-based social networks;dynamic throughout development;global software teams;information overload;multisite development project team;organizational culture;project documentation;professional communication;software development management;}, 
doi={10.1109/ICGSE.2007.13}, 
ISSN={},
}

@inproceedings{Halverson:2006:DTV,
 author = {Halverson, Christine A. and Ellis, Jason B. and Danis, Catalina and Kellogg, Wendy A.},
 title = {Designing task visualizations to support the coordination of work in software development},
 booktitle = {Proceedings of the 2006 20th anniversary conference on Computer supported cooperative work},
 series = {CSCW '06},
 year = {2006},
 isbn = {1-59593-249-6},
 location = {Banff, Alberta, Canada},
 pages = {39--48},
 numpages = {10},
 doi = {10.1145/1180875.1180883},
 acmid = {1180883},
 publisher = {ACM},
 address = {New York, NY, USA},
 keywords = {change tracking systems, coordination of work, information visualization, social visualization, software development, task visualization},
} 

@inproceedings{Begel:2010:CDE,
 author = {Begel, Andrew and Khoo, Yit Phang and Zimmermann, Thomas},
 title = {Codebook: discovering and exploiting relationships in software repositories},
 booktitle = {Proceedings of the 32nd ACM/IEEE International Conference on Software Engineering - Volume 1},
 series = {ICSE '10},
 year = {2010},
 isbn = {978-1-60558-719-6},
 location = {Cape Town, South Africa},
 pages = {125--134},
 numpages = {10},
 doi = {10.1145/1806799.1806821},
 acmid = {1806821},
 publisher = {ACM},
 address = {New York, NY, USA},
 keywords = {inter-team coordination, knowledge management, mining software repositories, regular expression, regular language reachability, social networking},
} 

@inproceedings{Trainer:2005:BGT,
 author = {Trainer, Erik and Quirk, Stephen and de Souza, Cleidson and Redmiles, David},
 title = {Bridging the gap between technical and social dependencies with Ariadne},
 booktitle = {Proceedings of the 2005 OOPSLA workshop on Eclipse technology eXchange},
 series = {eclipse '05},
 year = {2005},
 isbn = {1-59593-342-5},
 location = {San Diego, California},
 pages = {26--30},
 numpages = {5},
 doi = {10.1145/1117696.1117702},
 acmid = {1117702},
 publisher = {ACM},
 address = {New York, NY, USA},
 keywords = {collaborative software development, program dependencies, social dependencies},
} 

@inproceedings{Xiang:2008:ERT,
 author = {Xiang, P. F. and Ying, A. T. T. and Cheng, P. and Dang, Y. B. and Ehrlich, K. and Helander, M. E. and Matchen, P. M. and Empere, A. and Tarr, P. L. and Williams, C. and Yang, S. X.},
 title = {Ensemble: a recommendation tool for promoting communication in software teams},
 booktitle = {Proceedings of the 2008 international workshop on Recommendation systems for software engineering},
 series = {RSSE '08},
 year = {2008},
 isbn = {978-1-60558-228-3},
 location = {Atlanta, Georgia},
 pages = {2:1--2:1},
 articleno = {2},
 numpages = {1},
 doi = {10.1145/1454247.1454259},
 acmid = {1454259},
 publisher = {ACM},
 address = {New York, NY, USA},
} 

@inproceedings{Biehl:2007:FVD,
 author = {Biehl, Jacob T. and Czerwinski, Mary and Smith, Greg and Robertson, George G.},
 title = {FASTDash: a visual dashboard for fostering awareness in software teams},
 booktitle = {Proceedings of the SIGCHI Conference on Human Factors in Computing Systems},
 series = {CHI '07},
 year = {2007},
 isbn = {978-1-59593-593-9},
 location = {San Jose, California, USA},
 pages = {1313--1322},
 numpages = {10},
 doi = {10.1145/1240624.1240823},
 acmid = {1240823},
 publisher = {ACM},
 address = {New York, NY, USA},
 keywords = {awareness, collaborative programming, field study, large display, visualization},
} 

@inproceedings{Sarma:2009:TIV,
 author = {Sarma, Anita and Maccherone, Larry and Wagstrom, Patrick and Herbsleb, James},
 title = {Tesseract: Interactive visual exploration of socio-technical relationships in software development},
 booktitle = {Proceedings of the 31st International Conference on Software Engineering},
 series = {ICSE '09},
 year = {2009},
 isbn = {978-1-4244-3453-4},
 pages = {23--33},
 numpages = {11},
 doi = {10.1109/ICSE.2009.5070505},
 acmid = {1555019},
 publisher = {IEEE Computer Society},
 address = {Washington, DC, USA},
} 

@inproceedings{Sarma:2007:TSA,
 author = {Sarma, Anita and Bortis, Gerald and van der Hoek, Andre},
 title = {Towards supporting awareness of indirect conflicts across software configuration management workspaces},
 booktitle = {Proceedings of the twenty-second IEEE/ACM international conference on Automated software engineering},
 series = {ASE '07},
 year = {2007},
 isbn = {978-1-59593-882-4},
 location = {Atlanta, Georgia, USA},
 pages = {94--103},
 numpages = {10},
 doi = {10.1145/1321631.1321647},
 acmid = {1321647},
 publisher = {ACM},
 address = {New York, NY, USA},
 keywords = {awareness, configuration managment, direct conflicts, indirect conflicts, software configuration management},
} 

@article{Fitzpatrick:2002:SPA,
 author = {Fitzpatrick,  Geraldine and Kaplan,  Simon and Mansfield,  Tim and David, Arnold and Segall,  Bill},
 title = {Supporting Public Availability and Accessibility with Elvin: Experiences and Reflections},
 journal = {Comput. Supported Coop. Work},
 issue_date = {2002},
 volume = {11},
 number = {3},
 month = nov,
 year = {2002},
 issn = {0925-9724},
 pages = {447--474},
 numpages = {28},
 doi = {10.1023/A:1021226206564},
 acmid = {586343},
 publisher = {Kluwer Academic Publishers},
 address = {Norwell, MA, USA},
 keywords = {Elvin, awareness, chat tools, event notification service, tickertape},
} 

@inproceedings{Schroter:2012:TTF,
 author = {Schr\"{o}ter, Adrian and Aranda, Jorge and Damian, Daniela and Kwan, Irwin},
 title = {To talk or not to talk: factors that influence communication around changesets},
 booktitle = {Proceedings of the ACM 2012 conference on Computer Supported Cooperative Work},
 series = {CSCW '12},
 year = {2012},
 isbn = {978-1-4503-1086-4},
 location = {Seattle, Washington, USA},
 pages = {1317--1326},
 numpages = {10},
 doi = {10.1145/2145204.2145401},
 acmid = {2145401},
 publisher = {ACM},
 address = {New York, NY, USA},
 keywords = {communication, information sharing, software teams},
} 

@article{Grinter:2003:RCW,
 author = {Grinter, Rebecca E.},
 title = {Recomposition: Coordinating a Web of SoftwareDependencies},
 journal = {Comput. Supported Coop. Work},
 issue_date = {2003},
 volume = {12},
 number = {3},
 month = jul,
 year = {2003},
 issn = {0925-9724},
 pages = {297--327},
 numpages = {31},
 doi = {10.1023/A:1025012916465},
 acmid = {871460},
 publisher = {Kluwer Academic Publishers},
 address = {Norwell, MA, USA},
 keywords = {empirical studies, recomposition, software development},
} 

@inproceedings{Lakhotia:1993:CCM,
 author = {Lakhotia, Arun},
 title = {Constructing call multigraphs using dependence graphs},
 booktitle = {Proceedings of the 20th ACM SIGPLAN-SIGACT symposium on Principles of programming languages},
 series = {POPL '93},
 year = {1993},
 isbn = {0-89791-560-7},
 location = {Charleston, South Carolina, United States},
 pages = {273--284},
 numpages = {12},
 doi = {10.1145/158511.158647},
 acmid = {158647},
 publisher = {ACM},
 address = {New York, NY, USA},
}

@inproceedings{Horwitz:1992:UPD,
 author = {Horwitz, Susan and Reps, Thomas},
 title = {The use of program dependence graphs in software engineering},
 booktitle = {Proceedings of the 14th international conference on Software engineering},
 series = {ICSE '92},
 year = {1992},
 isbn = {0-89791-504-6},
 location = {Melbourne, Australia},
 pages = {392--411},
 numpages = {20},
 doi = {10.1145/143062.143156},
 acmid = {143156},
 publisher = {ACM},
 address = {New York, NY, USA},
} 

@inproceedings{Servant:2010:CPI,
 author = {Servant, Francisco and Jones, James A. and van der Hoek, Andr{\'e}},
 title = {CASI: preventing indirect conflicts through a live visualization},
 booktitle = {Proceedings of the 2010 ICSE Workshop on Cooperative and Human Aspects of Software Engineering},
 series = {CHASE '10},
 year = {2010},
 isbn = {978-1-60558-966-4},
 location = {Cape Town, South Africa},
 pages = {39--46},
 numpages = {8},
 doi = {10.1145/1833310.1833317},
 acmid = {1833317},
 publisher = {ACM},
 address = {New York, NY, USA},
 keywords = {conflicts, parallel work, software configuration management, software visualization, workspace awareness},
} 

@inproceedings{Bajracharya:2009:SIS,
 author = {Bajracharya, Sushil and Ossher, Joel and Cristina Lopes},
 title = {Sourcerer: An internet-scale software repository},
 booktitle = {Proceedings of the 2009 ICSE Workshop on Search-Driven Development-Users, Infrastructure, Tools and Evaluation},
 series = {SUITE '09},
 year = {2009},
 isbn = {978-1-4244-3740-5},
 pages = {1--4},
 numpages = {4},
 doi = {10.1109/SUITE.2009.5070010},
 acmid = {1556984},
 publisher = {IEEE Computer Society},
 address = {Washington, DC, USA},
} 

@article{Fluri:2007:CDT,
 author = {Fluri, Beat and Wuersch, Michael and PInzger, Martin and Gall, Harald},
 title = {Change Distilling: Tree Differencing for Fine-Grained Source Code Change Extraction},
 journal = {IEEE Trans. Softw. Eng.},
 issue_date = {November 2007},
 volume = {33},
 number = {11},
 month = nov,
 year = {2007},
 issn = {0098-5589},
 pages = {725--743},
 numpages = {19},
 doi = {10.1109/TSE.2007.70731},
 acmid = {1314081},
 publisher = {IEEE Press},
 address = {Piscataway, NJ, USA},
 keywords = {Source code change extraction, Source code change extraction, tree differencing algorithms, software repositories, software evolution analysis, software evolution analysis, software repositories, tree differencing algorithms},
} 

@book{Meyer:1988,
 author = {Meyer, Bertrand},
 title = {Object-Oriented Software Construction},
 year = {1988},
 isbn = {0136290493},
 edition = {1st},
 publisher = {Prentice-Hall, Inc.},
 address = {Upper Saddle River, NJ, USA},
} 

@inproceedings{Kim:2011:ESA,
 author = {Kim, Miryung},
 title = {An exploratory study of awareness interests about software modifications},
 booktitle = {Proceedings of the 4th International Workshop on Cooperative and Human Aspects of Software Engineering},
 series = {CHASE '11},
 year = {2011},
 isbn = {978-1-4503-0576-1},
 location = {Waikiki, Honolulu, HI, USA},
 pages = {80--83},
 numpages = {4},
 doi = {10.1145/1984642.1984662},
 acmid = {1984662},
 publisher = {ACM},
 address = {New York, NY, USA},
 keywords = {awareness interests, code change, empirical study},
} 

@inproceedings{Holmes:2010:CAR,
 author = {Holmes, Reid and Walker, Robert J.},
 title = {Customized awareness: recommending relevant external change events},
 booktitle = {Proceedings of the 32nd ACM/IEEE International Conference on Software Engineering - Volume 1},
 series = {ICSE '10},
 year = {2010},
 isbn = {978-1-60558-719-6},
 location = {Cape Town, South Africa},
 pages = {465--474},
 numpages = {10},
 doi = {10.1145/1806799.1806867},
 acmid = {1806867},
 publisher = {ACM},
 address = {New York, NY, USA},
 keywords = {YooHoo, change events, customized awareness, deployment environment, developer-specific awareness, external dependencies, information overload, recommendation system},
} 

@article{Kwan:2011:SCE,
 author = {Kwan, Irwin and Schroter, Adrian and Damian, Daniela},
 title = {Does Socio-Technical Congruence Have an Effect on Software Build Success? A Study of Coordination in a Software Project},
 journal = {IEEE Trans. Softw. Eng.},
 issue_date = {May 2011},
 volume = {37},
 number = {3},
 month = may,
 year = {2011},
 issn = {0098-5589},
 pages = {307--324},
 numpages = {18},
 doi = {10.1109/TSE.2011.29},
 acmid = {1991007},
 publisher = {IEEE Press},
 address = {Piscataway, NJ, USA},
 keywords = {Empirical software engineering, socio-technical congruence, coordination, awareness, software quality, integration.},
} 

@inproceedings{Kwan:2011:ESC,
 author = {Kwan, Irwin and Damian, Daniela},
 title = {Extending socio-technical congruence with awareness relationships},
 booktitle = {Proceedings of the 4th international workshop on Social software engineering},
 series = {SSE '11},
 year = {2011},
 isbn = {978-1-4503-0850-2},
 location = {Szeged, Hungary},
 pages = {23--30},
 numpages = {8},
 doi = {10.1145/2024645.2024652},
 acmid = {2024652},
 publisher = {ACM},
 address = {New York, NY, USA},
 keywords = {awareness, collaboration, coordination, empirical software engineering, socio-technical congruence},
} 

@inproceedings{Cataldo:2006:ICR,
 author = {Cataldo, Marcelo and Wagstrom, Patrick A. and Herbsleb, James D. and Carley, Kathleen M.},
 title = {Identification of coordination requirements: implications for the Design of collaboration and awareness tools},
 booktitle = {Proceedings of the 2006 20th anniversary conference on Computer supported cooperative work},
 series = {CSCW '06},
 year = {2006},
 isbn = {1-59593-249-6},
 location = {Banff, Alberta, Canada},
 pages = {353--362},
 numpages = {10},
 doi = {10.1145/1180875.1180929},
 acmid = {1180929},
 publisher = {ACM},
 address = {New York, NY, USA},
 keywords = {collaboration tools, coordination, dynamic network analysis, task awareness tools},
} 

@article{Perry:2001:PCL,
 author = {Perry, Dewayne E. and Siy, Harvey P. and Votta, Lawrence G.},
 title = {Parallel changes in large-scale software development: an observational case study},
 journal = {ACM Trans. Softw. Eng. Methodol.},
 issue_date = {July 2001},
 volume = {10},
 number = {3},
 month = jul,
 year = {2001},
 issn = {1049-331X},
 pages = {308--337},
 numpages = {30},
 doi = {10.1145/383876.383878},
 acmid = {383878},
 publisher = {ACM},
 address = {New York, NY, USA},
 keywords = {change management, merging interfering and noninterfering versions, parallel versions, parallel/concurrent changes, software integration},
} 

@article{Fluri:2007:CDT,
 author = {Fluri, Beat and Wuersch, Michael and PInzger, Martin and Gall, Harald},
 title = {Change Distilling: Tree Differencing for Fine-Grained Source Code Change Extraction},
 journal = {IEEE Trans. Softw. Eng.},
 issue_date = {November 2007},
 volume = {33},
 number = {11},
 month = nov,
 year = {2007},
 issn = {0098-5589},
 pages = {725--743},
 numpages = {19},
 doi = {10.1109/TSE.2007.70731},
 acmid = {1314081},
 publisher = {IEEE Press},
 address = {Piscataway, NJ, USA},
 keywords = {Source code change extraction, Source code change extraction, tree differencing algorithms, software repositories, software evolution analysis, software evolution analysis, software repositories, tree differencing algorithms},
} 

@article{Fayad:2001:TOI,
 author = {Fayad, Mohammed E. and Altman, Adam},
 title = {Thinking objectively: an introduction to software stability},
 journal = {Commun. ACM},
 issue_date = {Sept. 2001},
 volume = {44},
 number = {9},
 month = sep,
 year = {2001},
 issn = {0001-0782},
 pages = {95--},
 doi = {10.1145/383694.383713},
 acmid = {383713},
 publisher = {ACM},
 address = {New York, NY, USA},
} 

@article{Fayad:2002:ASS,
 author = {Fayad, Mohamed},
 title = {Accomplishing software stability},
 journal = {Commun. ACM},
 issue_date = {January 2002},
 volume = {45},
 number = {1},
 month = jan,
 year = {2002},
 issn = {0001-0782},
 pages = {111--115},
 numpages = {5},
 doi = {10.1145/502269.502308},
 acmid = {502308},
 publisher = {ACM},
 address = {New York, NY, USA},
}

@article{Fayad:2002:DSS,
 author = {Fayad, Mohamed E.},
 title = {How to deal with software stability},
 journal = {Commun. ACM},
 issue_date = {April 2002},
 volume = {45},
 number = {4},
 month = apr,
 year = {2002},
 issn = {0001-0782},
 pages = {109--112},
 numpages = {4},
 doi = {10.1145/505248.505278},
 acmid = {505278},
 publisher = {ACM},
 address = {New York, NY, USA},
}  

@inproceedings{Tsay:2011:EMO,
 author = {Tsay, Jason and Wright, Hyrum K. and Perry, Dewayne E.},
 title = {Experiences mining open source release histories},
 booktitle = {Proceedings of the 2011 International Conference on Software and Systems Process},
 series = {ICSSP '11},
 year = {2011},
 isbn = {978-1-4503-0730-7},
 location = {Waikiki, Honolulu, HI, USA},
 pages = {208--212},
 numpages = {5},
 doi = {10.1145/1987875.1987911},
 acmid = {1987911},
 publisher = {ACM},
 address = {New York, NY, USA},
 keywords = {data mining, release engineering},
} 

@inproceedings{Bowen:1978:CAS,
 author = {Bowen, John B.},
 title = {Are current approaches sufficient for measuring software quality?},
 booktitle = {Proceedings of the software quality assurance workshop on Functional and performance issues},
 year = {1978},
 pages = {148--155},
 numpages = {8},
 doi = {10.1145/800283.811115},
 acmid = {811115},
 publisher = {ACM},
 address = {New York, NY, USA},
} 

@article{Grady:1993:PRM,
 author = {Grady, Robert B.},
 title = {Practical results from measuring software quality},
 journal = {Commun. ACM},
 issue_date = {Nov. 1993},
 volume = {36},
 number = {11},
 month = nov,
 year = {1993},
 issn = {0001-0782},
 pages = {62--68},
 numpages = {7},
 doi = {10.1145/163359.163369},
 acmid = {163369},
 publisher = {ACM},
 address = {New York, NY, USA},
 keywords = {software defect analysis},
} 

@book{ISOIEC9126,
  title = {ISO/IEC 9126. Software engineering -- Product quality},
  publisher = {ISO/IEC},
  year = {2001},
  author = {ISO/IEC}
}

@article{Conway:1968,
  added-at = {2008-09-01T18:59:19.000+0200},
  author = {Conway, M.E.},
  description = {http://www.melconway.com/law/index.html},
  interhash = {4ee7abb132de079ddc5c42708149494e},
  intrahash = {e0328a2e264b4ab6926d786476b890ba},
  journal = {Datamation},
  keywords = {social-factors software-engineering},
  number = 4,
  pages = {28--31},
  timestamp = {2008-09-01T18:59:19.000+0200},
  title = {{How do committees invent}},
  volume = 14,
  year = 1968
}

@inproceedings{Wu:2008:QAF,
 author = {Wu, Shujian and Wang, Qing and Yang, Ye},
 title = {Quantitative analysis of faults and failures with multiple releases of softpm},
 booktitle = {Proceedings of the Second ACM-IEEE international symposium on Empirical software engineering and measurement},
 series = {ESEM '08},
 year = {2008},
 isbn = {978-1-59593-971-5},
 location = {Kaiserslautern, Germany},
 pages = {198--205},
 numpages = {8},
 doi = {10.1145/1414004.1414037},
 acmid = {1414037},
 publisher = {ACM},
 address = {New York, NY, USA},
 keywords = {empirical studies, metrics, software faults and failures},
} 

@inproceedings{Hindle:2007:RPD,
 author = {Hindle, Abram and Godfrey, Michael W. and Holt, Richard C.},
 title = {Release Pattern Discovery via Partitioning: Methodology and Case Study},
 booktitle = {Proceedings of the Fourth International Workshop on Mining Software Repositories},
 series = {MSR '07},
 year = {2007},
 isbn = {0-7695-2950-X},
 pages = {19--},
 doi = {10.1109/MSR.2007.28},
 acmid = {1269033},
 publisher = {IEEE Computer Society},
 address = {Washington, DC, USA},
} 

@article{Zaidman:2011:SCP,
 author = {Zaidman, Andy and Rompaey, Bart and Deursen, Arie and Demeyer, Serge},
 title = {Studying the co-evolution of production and test code in open source and industrial developer test processes through repository mining},
 journal = {Empirical Softw. Engg.},
 issue_date = {June      2011},
 volume = {16},
 number = {3},
 month = jun,
 year = {2011},
 issn = {1382-3256},
 pages = {325--364},
 numpages = {40},
 doi = {10.1007/s10664-010-9143-7},
 acmid = {1969703},
 publisher = {Kluwer Academic Publishers},
 address = {Hingham, MA, USA},
 keywords = {Co-evolution, Software evolution, Software repository mining, Software testing, Test coverage},
} 

@inproceedings{Mockus:2008:IQR,
 author = {Mockus, Audris and Weiss, David},
 title = {Interval quality: relating customer-perceived quality to process quality},
 booktitle = {Proceedings of the 30th international conference on Software engineering},
 series = {ICSE '08},
 year = {2008},
 isbn = {978-1-60558-079-1},
 location = {Leipzig, Germany},
 pages = {723--732},
 numpages = {10},
 doi = {10.1145/1368088.1368190},
 acmid = {1368190},
 publisher = {ACM},
 address = {New York, NY, USA},
 keywords = {software metrics},
} 

@inproceedings{Chow:2011:SJI,
 author = {Chow, Jonathan and Tempero, Ewan},
 title = {Stability of Java interfaces: a preliminary investigation},
 booktitle = {Proceedings of the 2nd International Workshop on Emerging Trends in Software Metrics},
 series = {WETSoM '11},
 year = {2011},
 isbn = {978-1-4503-0593-8},
 location = {Waikiki, Honolulu, HI, USA},
 pages = {38--44},
 numpages = {7},
 doi = {10.1145/1985374.1985385},
 acmid = {1985385},
 publisher = {ACM},
 address = {New York, NY, USA},
 keywords = {java interface, software metrics, stability},
} 

@inproceedings{Fayad:2010:SSM,
 author = {Fayad, M. E. and Singh, Shivanshu K.},
 title = {Software stability model: software product line engineering overhauled},
 booktitle = {Proceedings of the 2010 Workshop on Knowledge-Oriented Product Line Engineering},
 series = {KOPLE '10},
 year = {2010},
 isbn = {978-1-4503-0542-6},
 location = {Reno, Nevada},
 pages = {4:1--4:4},
 articleno = {4},
 numpages = {4},
 doi = {10.1145/1964138.1964142},
 acmid = {1964142},
 publisher = {ACM},
 address = {New York, NY, USA},
 keywords = {domain analysis, scalability, software product lines, software stability model, stability, unified solutions},
} 

@inproceedings{Nagappan:2005:URC,
 author = {Nagappan, Nachiappan and Ball, Thomas},
 title = {Use of relative code churn measures to predict system defect density},
 booktitle = {Proceedings of the 27th international conference on Software engineering},
 series = {ICSE '05},
 year = {2005},
 isbn = {1-58113-963-2},
 location = {St. Louis, MO, USA},
 pages = {284--292},
 numpages = {9},
 doi = {10.1145/1062455.1062514},
 acmid = {1062514},
 publisher = {ACM},
 address = {New York, NY, USA},
 keywords = {defect density, fault-proneness, multiple regression, principal component analysis, relative code churn},
} 

@article{Fenton:2000:QAF,
 author = {Fenton, Norman E. and Ohlsson, Niclas},
 title = {Quantitative Analysis of Faults and Failures in a Complex Software System},
 journal = {IEEE Trans. Softw. Eng.},
 issue_date = {August 2000},
 volume = {26},
 number = {8},
 month = aug,
 year = {2000},
 issn = {0098-5589},
 pages = {797--814},
 numpages = {18},
 doi = {10.1109/32.879815},
 acmid = {631250},
 publisher = {IEEE Press},
 address = {Piscataway, NJ, USA},
 keywords = {Software faults and failures, software metrics, empirical studies.},
} 

@inproceedings{Wermelinger:2008:AEE,
 author = {Wermelinger, Michel and Yu, Yijun},
 title = {Analyzing the evolution of eclipse plugins},
 booktitle = {Proceedings of the 2008 international working conference on Mining software repositories},
 series = {MSR '08},
 year = {2008},
 isbn = {978-1-60558-024-1},
 location = {Leipzig, Germany},
 pages = {133--136},
 numpages = {4},
 doi = {10.1145/1370750.1370783},
 acmid = {1370783},
 publisher = {ACM},
 address = {New York, NY, USA},
 keywords = {architectural evolution},
} 

@inproceedings{Businge:2010:ESE,
 author = {Businge, John and Serebrenik, Alexander and van den Brand, Mark},
 title = {An empirical study of the evolution of Eclipse third-party plug-ins},
 booktitle = {Proceedings of the Joint ERCIM Workshop on Software Evolution (EVOL) and International Workshop on Principles of Software Evolution (IWPSE)},
 series = {IWPSE-EVOL '10},
 year = {2010},
 isbn = {978-1-4503-0128-2},
 location = {Antwerp, Belgium},
 pages = {63--72},
 numpages = {10},
 doi = {10.1145/1862372.1862389},
 acmid = {1862389},
 publisher = {ACM},
 address = {New York, NY, USA},
 keywords = {Eclipse, dependencies on Eclipse, evolution, metrics, third-party plug-ins},
}

@INPROCEEDINGS{Herbsleb06collaborationin,
 author = {James D. Herbsleb and Audris Mockus and Jeffrey A. Roberts},
 title = {Collaboration in Software Engineering Projects: A Theory of Coordination},
 booktitle = {In Proceedings of the International Conference on Information Systems (ICIS 2006},
 year = {2006}
}

@inproceedings{Cataldo:2008:SCF,
 author = {Cataldo, Marcelo and Herbsleb, James D. and Carley, Kathleen M.},
 title = {Socio-technical congruence: a framework for assessing the impact of technical and work dependencies on software development productivity},
 booktitle = {Proceedings of the Second ACM-IEEE international symposium on Empirical software engineering and measurement},
 series = {ESEM '08},
 year = {2008},
 isbn = {978-1-59593-971-5},
 location = {Kaiserslautern, Germany},
 pages = {2--11},
 numpages = {10},
 doi = {10.1145/1414004.1414008},
 acmid = {1414008},
 publisher = {ACM},
 address = {New York, NY, USA},
 keywords = {collaborative software development, coordination, software dependencies},
} 

@article{Dromey:2003,
 year={2003},
 issn={0963-9314},
 journal={Software Quality Journal},
 volume={11},
 number={3},
 doi={10.1023/A:1025162610079},
 title={Software Quality-Prevention versus Cure?},
 publisher={Kluwer Academic Publishers},
 keywords={software defects; acceptance testing; product quality models; defect prevention; quality-carrying properties; component-based quality; software inspection},
 author={Dromey, R.Geoff},
 pages={197-210},
 language={English}
}

@article{Zeller:2002:ICC,
 author = {Zeller, Andreas},
 title = {Isolating cause-effect chains from computer programs},
 journal = {SIGSOFT Softw. Eng. Notes},
 issue_date = {November 2002},
 volume = {27},
 number = {6},
 month = nov,
 year = {2002},
 issn = {0163-5948},
 pages = {1--10},
 numpages = {10},
 doi = {10.1145/605466.605468},
 acmid = {605468},
 publisher = {ACM},
 address = {New York, NY, USA},
 keywords = {automated debugging, program comprehension, testing, tracing},
} 

@inproceedings{Maule:2008:IAD,
 author = {Maule, Andy and Emmerich, Wolfgang and Rosenblum, David S.},
 title = {Impact analysis of database schema changes},
 booktitle = {Proceedings of the 30th international conference on Software engineering},
 series = {ICSE '08},
 year = {2008},
 isbn = {978-1-60558-079-1},
 location = {Leipzig, Germany},
 pages = {451--460},
 numpages = {10},
 doi = {10.1145/1368088.1368150},
 acmid = {1368150},
 publisher = {ACM},
 address = {New York, NY, USA},
 keywords = {impact analysis},
} 

@article{Tiwana:2008:ICD,
 author = {Tiwana, Amrit},
 title = {Impact of classes of development coordination tools on software development performance: A multinational empirical study},
 journal = {ACM Trans. Softw. Eng. Methodol.},
 issue_date = {April 2008},
 volume = {17},
 number = {2},
 month = may,
 year = {2008},
 issn = {1049-331X},
 pages = {11:1--11:47},
 articleno = {11},
 numpages = {47},
 doi = {10.1145/1348250.1348257},
 acmid = {1348257},
 publisher = {ACM},
 address = {New York, NY, USA},
 keywords = {Software development, collaborative software engineering. Software outsourcing, coordination, development coordination tools, development tools, efficiency effectiveness tradeoff, empirical study, field study, knowledge integration, knowledge management, outsourcing, project management, regression analysis},
} 

@inproceedings{Petre:2013:UP,
 author = {Petre, Marian},
 title = {UML in practice},
 booktitle = {Proceedings of the 2013 International Conference on Software Engineering},
 series = {ICSE '13},
 year = {2013},
 isbn = {978-1-4673-3076-3},
 location = {San Francisco, CA, USA},
 pages = {722--731},
 numpages = {10},
 acmid = {2486883},
 publisher = {IEEE Press},
 address = {Piscataway, NJ, USA},
} 

@book{Zeller:2005:WPF,
 author = {Zeller, Andreas},
 title = {Why Programs Fail: A Guide to Systematic Debugging},
 year = {2005},
 isbn = {1558608664},
 publisher = {Morgan Kaufmann Publishers Inc.},
 address = {San Francisco, CA, USA},
} 

@inproceedings{deSouza:2008:ESS,
 author = {de Souza, Cleidson R. B. and Redmiles, David F.},
 title = {An empirical study of software developers' management of dependencies and changes},
 booktitle = {Proceedings of the 30th international conference on Software engineering},
 series = {ICSE '08},
 year = {2008},
 isbn = {978-1-60558-079-1},
 location = {Leipzig, Germany},
 pages = {241--250},
 numpages = {10},
 doi = {10.1145/1368088.1368122},
 acmid = {1368122},
 publisher = {ACM},
 address = {New York, NY, USA},
 keywords = {change impact analysis, collaborative software development, empirical studies, socio-technical aspects},
} 

@inproceedings{Johnson:2013:WDS,
 author = {Johnson, Brittany and Song, Yoonki and Murphy-Hill, Emerson and Bowdidge, Robert},
 title = {Why don't software developers use static analysis tools to find bugs?},
 booktitle = {Proceedings of the 2013 International Conference on Software Engineering},
 series = {ICSE '13},
 year = {2013},
 isbn = {978-1-4673-3076-3},
 location = {San Francisco, CA, USA},
 pages = {672--681},
 numpages = {10},
 acmid = {2486877},
 publisher = {IEEE Press},
 address = {Piscataway, NJ, USA},
} 

@inproceedings{Hattori:2012:ICG, 
 author={Hattori, L. and Lanza, M. and D'Ambros, M.}, 
 booktitle={Global Software Engineering (ICGSE), 2012 IEEE Seventh International Conference on}, 
 title={A Qualitative User Study on Preemptive Conflict Detection}, 
 year={2012}, 
 pages={159-163}, 
 keywords={merging;software engineering;potential merge conflict detection;preemptive conflict detection;Collaboration;Conferences;Interviews;Merging;Software;Software engineering;Visualization;Collaborative Software Development;Conflict Detection;Qualitative User Study}, 
 doi={10.1109/ICGSE.2012.20},
}

@conference {Bolici:2009,
 title = {Coordination without discussion? Socio-technical congruence and Stigmergy in Free and Open Source Software projects},
 booktitle = {2nd International Workshop on Socio-Technical Congruence, ICSE},
 year = {2009},
 month = {19 May},
 address = {Vancouver, Canada},
 keywords = {Coordination, FLOSS},
 attachments = {http://crowston.syr.edu/sites/crowston.syr.edu/files/Coordination without discussion? Socio-technical congruence.pdf},
 author = {Bolici, Francesco and Howison, James and Crowston, Kevin}
}

@inproceedings{Blincoe:2013:UCC,
 author = {Blincoe, Kelly and Valetto, Giuseppe and Damian, Daniela},
 title = {Uncovering critical coordination requirements through content analysis},
 booktitle = {Proceedings of the 2013 International Workshop on Social Software Engineering},
 series = {SSE 2013},
 year = {2013},
 isbn = {978-1-4503-2313-0},
 location = {Saint Petersburg, Russia},
 pages = {1--4},
 numpages = {4},
 doi = {http://dx.doi.org/10.1145/2501535.2501536},
 acmid = {2501536},
 publisher = {ACM},
 address = {New York, NY, USA},
 keywords = {Awareness, Collaborative Software Development, Coordination Requirements, Machine Learning, Proximity, Task Dependencies},
} 

@article{Xu:2005:BSP,
 author = {Xu, Baowen and Qian, Ju and Zhang, Xiaofang and Wu, Zhongqiang and Chen, Lin},
 title = {A brief survey of program slicing},
 journal = {SIGSOFT Softw. Eng. Notes},
 issue_date = {March 2005},
 volume = {30},
 number = {2},
 month = mar,
 year = {2005},
 issn = {0163-5948},
 pages = {1--36},
 numpages = {36},
 doi = {10.1145/1050849.1050865},
 acmid = {1050865},
 publisher = {ACM},
 address = {New York, NY, USA},
 keywords = {debugging, dependence analysis, pointer analysis, program analysis, program slicing},
} 
