@inproceedings{Dourish:1992:ACS,
 author = {Dourish, Paul and Bellotti, Victoria},
 title = {Awareness and coordination in shared workspaces},
 booktitle = {Proceedings of the 1992 ACM conference on Computer-supported cooperative work},
 series = {CSCW '92},
 year = {1992},
 isbn = {0-89791-542-9},
 location = {Toronto, Ontario, Canada},
 pages = {107--114},
 numpages = {8},
 url = {http://doi.acm.org/10.1145/143457.143468},
 doi = {10.1145/143457.143468},
 acmid = {143468},
 publisher = {ACM},
 address = {New York, NY, USA},
 keywords = {awareness, coordination, information sharing, shared feedback, shared workspaces},
} 

@inproceedings{Khurana:2009:PFC,
 author = {Khurana, Himanshu and Basney, Jim and Bakht, Mehedi and Freemon, Mike and Welch, Von and Butler, Randy},
 title = {Palantir: a framework for collaborative incident response and investigation},
 booktitle = {Proceedings of the 8th Symposium on Identity and Trust on the Internet},
 series = {IDtrust '09},
 year = {2009},
 isbn = {978-1-60558-474-4},
 location = {Gaithersburg, Maryland},
 pages = {38--51},
 numpages = {14},
 url = {http://doi.acm.org/10.1145/1527017.1527023},
 doi = {10.1145/1527017.1527023},
 acmid = {1527023},
 publisher = {ACM},
 address = {New York, NY, USA},
 keywords = {digital investigation, incident response, multi-site collaboration},
}

@inproceedings{Damian:2007:GSE, 
author={Damian, D. and Izquierdo, L. and Singer, J. and Kwan, I.}, 
booktitle={Global Software Engineering, 2007. ICGSE 2007. Second IEEE International Conference on}, title={Awareness in the Wild: Why Communication Breakdowns Occur}, 
year={2007}, 
month={aug.}, 
volume={}, 
number={}, 
pages={81 -90}, 
keywords={collaboration pattern;collaborative software development;communication breakdown;communication-based social networks;dynamic throughout development;global software teams;information overload;multisite development project team;organizational culture;project documentation;professional communication;software development management;}, 
doi={10.1109/ICGSE.2007.13}, 
ISSN={},
}

@inproceedings{Halverson:2006:DTV,
 author = {Halverson, Christine A. and Ellis, Jason B. and Danis, Catalina and Kellogg, Wendy A.},
 title = {Designing task visualizations to support the coordination of work in software development},
 booktitle = {Proceedings of the 2006 20th anniversary conference on Computer supported cooperative work},
 series = {CSCW '06},
 year = {2006},
 isbn = {1-59593-249-6},
 location = {Banff, Alberta, Canada},
 pages = {39--48},
 numpages = {10},
 url = {http://doi.acm.org/10.1145/1180875.1180883},
 doi = {10.1145/1180875.1180883},
 acmid = {1180883},
 publisher = {ACM},
 address = {New York, NY, USA},
 keywords = {change tracking systems, coordination of work, information visualization, social visualization, software development, task visualization},
} 

@inproceedings{Begel:2010:CDE,
 author = {Begel, Andrew and Khoo, Yit Phang and Zimmermann, Thomas},
 title = {Codebook: discovering and exploiting relationships in software repositories},
 booktitle = {Proceedings of the 32nd ACM/IEEE International Conference on Software Engineering - Volume 1},
 series = {ICSE '10},
 year = {2010},
 isbn = {978-1-60558-719-6},
 location = {Cape Town, South Africa},
 pages = {125--134},
 numpages = {10},
 url = {http://doi.acm.org/10.1145/1806799.1806821},
 doi = {10.1145/1806799.1806821},
 acmid = {1806821},
 publisher = {ACM},
 address = {New York, NY, USA},
 keywords = {inter-team coordination, knowledge management, mining software repositories, regular expression, regular language reachability, social networking},
} 

@inproceedings{Trainer:2005:BGT,
 author = {Trainer, Erik and Quirk, Stephen and de Souza, Cleidson and Redmiles, David},
 title = {Bridging the gap between technical and social dependencies with Ariadne},
 booktitle = {Proceedings of the 2005 OOPSLA workshop on Eclipse technology eXchange},
 series = {eclipse '05},
 year = {2005},
 isbn = {1-59593-342-5},
 location = {San Diego, California},
 pages = {26--30},
 numpages = {5},
 url = {http://doi.acm.org/10.1145/1117696.1117702},
 doi = {10.1145/1117696.1117702},
 acmid = {1117702},
 publisher = {ACM},
 address = {New York, NY, USA},
 keywords = {collaborative software development, program dependencies, social dependencies},
} 

@inproceedings{Xiang:2008:ERT,
 author = {Xiang, P. F. and Ying, A. T. T. and Cheng, P. and Dang, Y. B. and Ehrlich, K. and Helander, M. E. and Matchen, P. M. and Empere, A. and Tarr, P. L. and Williams, C. and Yang, S. X.},
 title = {Ensemble: a recommendation tool for promoting communication in software teams},
 booktitle = {Proceedings of the 2008 international workshop on Recommendation systems for software engineering},
 series = {RSSE '08},
 year = {2008},
 isbn = {978-1-60558-228-3},
 location = {Atlanta, Georgia},
 pages = {2:1--2:1},
 articleno = {2},
 numpages = {1},
 url = {http://doi.acm.org/10.1145/1454247.1454259},
 doi = {10.1145/1454247.1454259},
 acmid = {1454259},
 publisher = {ACM},
 address = {New York, NY, USA},
} 

@inproceedings{Biehl:2007:FVD,
 author = {Biehl, Jacob T. and Czerwinski, Mary and Smith, Greg and Robertson, George G.},
 title = {FASTDash: a visual dashboard for fostering awareness in software teams},
 booktitle = {Proceedings of the SIGCHI Conference on Human Factors in Computing Systems},
 series = {CHI '07},
 year = {2007},
 isbn = {978-1-59593-593-9},
 location = {San Jose, California, USA},
 pages = {1313--1322},
 numpages = {10},
 url = {http://doi.acm.org/10.1145/1240624.1240823},
 doi = {10.1145/1240624.1240823},
 acmid = {1240823},
 publisher = {ACM},
 address = {New York, NY, USA},
 keywords = {awareness, collaborative programming, field study, large display, visualization},
} 

@inproceedings{Sarma:2009:TIV,
 author = {Sarma, Anita and Maccherone, Larry and Wagstrom, Patrick and Herbsleb, James},
 title = {Tesseract: Interactive visual exploration of socio-technical relationships in software development},
 booktitle = {Proceedings of the 31st International Conference on Software Engineering},
 series = {ICSE '09},
 year = {2009},
 isbn = {978-1-4244-3453-4},
 pages = {23--33},
 numpages = {11},
 url = {http://dx.doi.org/10.1109/ICSE.2009.5070505},
 doi = {10.1109/ICSE.2009.5070505},
 acmid = {1555019},
 publisher = {IEEE Computer Society},
 address = {Washington, DC, USA},
} 

@inproceedings{Sarma:2007:TSA,
 author = {Sarma, Anita and Bortis, Gerald and van der Hoek, Andre},
 title = {Towards supporting awareness of indirect conflicts across software configuration management workspaces},
 booktitle = {Proceedings of the twenty-second IEEE/ACM international conference on Automated software engineering},
 series = {ASE '07},
 year = {2007},
 isbn = {978-1-59593-882-4},
 location = {Atlanta, Georgia, USA},
 pages = {94--103},
 numpages = {10},
 url = {http://doi.acm.org/10.1145/1321631.1321647},
 doi = {10.1145/1321631.1321647},
 acmid = {1321647},
 publisher = {ACM},
 address = {New York, NY, USA},
 keywords = {awareness, configuration managment, direct conflicts, indirect conflicts, software configuration management},
} 

@article{Fitzpatrick:2002:SPA,
 author = {Fitzpatrick,  Geraldine and Kaplan,  Simon and Mansfield,  Tim and David, Arnold and Segall,  Bill},
 title = {Supporting Public Availability and Accessibility with Elvin: Experiences and Reflections},
 journal = {Comput. Supported Coop. Work},
 issue_date = {2002},
 volume = {11},
 number = {3},
 month = nov,
 year = {2002},
 issn = {0925-9724},
 pages = {447--474},
 numpages = {28},
 url = {http://dx.doi.org/10.1023/A:1021226206564},
 doi = {10.1023/A:1021226206564},
 acmid = {586343},
 publisher = {Kluwer Academic Publishers},
 address = {Norwell, MA, USA},
 keywords = {Elvin, awareness, chat tools, event notification service, tickertape},
} 

@inproceedings{Schroter:2012:TTF:2145204.2145401,
 author = {Schr\"{o}ter, Adrian and Aranda, Jorge and Damian, Daniela and Kwan, Irwin},
 title = {To talk or not to talk: factors that influence communication around changesets},
 booktitle = {Proceedings of the ACM 2012 conference on Computer Supported Cooperative Work},
 series = {CSCW '12},
 year = {2012},
 isbn = {978-1-4503-1086-4},
 location = {Seattle, Washington, USA},
 pages = {1317--1326},
 numpages = {10},
 url = {http://doi.acm.org/10.1145/2145204.2145401},
 doi = {10.1145/2145204.2145401},
 acmid = {2145401},
 publisher = {ACM},
 address = {New York, NY, USA},
 keywords = {communication, information sharing, software teams},
} 

@article{Grinter:2003:RCW,
 author = {Grinter, Rebecca E.},
 title = {Recomposition: Coordinating a Web of SoftwareDependencies},
 journal = {Comput. Supported Coop. Work},
 issue_date = {2003},
 volume = {12},
 number = {3},
 month = jul,
 year = {2003},
 issn = {0925-9724},
 pages = {297--327},
 numpages = {31},
 url = {http://dx.doi.org/10.1023/A:1025012916465},
 doi = {10.1023/A:1025012916465},
 acmid = {871460},
 publisher = {Kluwer Academic Publishers},
 address = {Norwell, MA, USA},
 keywords = {empirical studies, recomposition, software development},
} 

@inproceedings{Lakhotia:1993:CCM,
 author = {Lakhotia, Arun},
 title = {Constructing call multigraphs using dependence graphs},
 booktitle = {Proceedings of the 20th ACM SIGPLAN-SIGACT symposium on Principles of programming languages},
 series = {POPL '93},
 year = {1993},
 isbn = {0-89791-560-7},
 location = {Charleston, South Carolina, United States},
 pages = {273--284},
 numpages = {12},
 url = {http://doi.acm.org/10.1145/158511.158647},
 doi = {10.1145/158511.158647},
 acmid = {158647},
 publisher = {ACM},
 address = {New York, NY, USA},
}

@inproceedings{Horwitz:1992:UPD,
 author = {Horwitz, Susan and Reps, Thomas},
 title = {The use of program dependence graphs in software engineering},
 booktitle = {Proceedings of the 14th international conference on Software engineering},
 series = {ICSE '92},
 year = {1992},
 isbn = {0-89791-504-6},
 location = {Melbourne, Australia},
 pages = {392--411},
 numpages = {20},
 url = {http://doi.acm.org/10.1145/143062.143156},
 doi = {10.1145/143062.143156},
 acmid = {143156},
 publisher = {ACM},
 address = {New York, NY, USA},
} 

