
@inproceedings{Zimmermann:2008:PDU,
 author = {Zimmermann, Thomas and Nagappan, Nachiappan},
 title = {Predicting defects using network analysis on dependency graphs},
 booktitle = {Proceedings of the 30th international conference on Software engineering},
 series = {ICSE '08},
 year = {2008},
 isbn = {978-1-60558-079-1},
 location = {Leipzig, Germany},
 pages = {531--540},
 numpages = {10},
 url = {http://doi.acm.org/10.1145/1368088.1368161},
 doi = {10.1145/1368088.1368161},
 acmid = {1368161},
 publisher = {ACM},
 address = {New York, NY, USA},
 keywords = {defect prediction, dependency graph, network analysis, windows server 2003},
} 

@inproceedings{Pinzger:2008:DNP,
 author = {Pinzger, Martin and Nagappan, Nachiappan and Murphy, Brendan},
 title = {Can developer-module networks predict failures?},
 booktitle = {Proceedings of the 16th ACM SIGSOFT International Symposium on Foundations of software engineering},
 series = {SIGSOFT '08/FSE-16},
 year = {2008},
 isbn = {978-1-59593-995-1},
 location = {Atlanta, Georgia},
 pages = {2--12},
 numpages = {11},
 url = {http://doi.acm.org/10.1145/1453101.1453105},
 doi = {10.1145/1453101.1453105},
 acmid = {1453105},
 publisher = {ACM},
 address = {New York, NY, USA},
 keywords = {developer contribution network, failure prediction, network centrality measures, social network analysis},
} 

@inproceedings{Schroter:2010:PBO,
 author = {Schr\"{o}ter, Adrian},
 title = {Predicting build outcome with developer interaction in Jazz},
 booktitle = {Proceedings of the 32nd ACM/IEEE International Conference on Software Engineering - Volume 2},
 series = {ICSE '10},
 year = {2010},
 isbn = {978-1-60558-719-6},
 location = {Cape Town, South Africa},
 pages = {511--512},
 numpages = {2},
 url = {http://doi.acm.org/10.1145/1810295.1810456},
 doi = {10.1145/1810295.1810456},
 acmid = {1810456},
 publisher = {ACM},
 address = {New York, NY, USA},
}

@inproceedings{Sliwerski:2005:CIF,
 author = {\'{S}liwerski, Jacek and Zimmermann, Thomas and Zeller, Andreas},
 title = {When do changes induce fixes?},
 booktitle = {Proceedings of the 2005 international workshop on Mining software repositories},
 series = {MSR '05},
 year = {2005},
 isbn = {1-59593-123-6},
 location = {St. Louis, Missouri},
 pages = {1--5},
 numpages = {5},
 url = {http://doi.acm.org/10.1145/1082983.1083147},
 doi = {10.1145/1082983.1083147},
 acmid = {1083147},
 publisher = {ACM},
 address = {New York, NY, USA},
} 

@inproceedings{Bodden:2003:HVJ,
 author = {Bodden, Eric},
 title = {A high-level view of Java applications},
 booktitle = {Companion of the 18th annual ACM SIGPLAN conference on Object-oriented programming, systems, languages, and applications},
 series = {OOPSLA '03},
 year = {2003},
 isbn = {1-58113-751-6},
 location = {Anaheim, CA, USA},
 pages = {384--385},
 numpages = {2},
 url = {http://doi.acm.org/10.1145/949344.949447},
 doi = {10.1145/949344.949447},
 acmid = {949447},
 publisher = {ACM},
 address = {New York, NY, USA},
 keywords = {Java, call graph visualization, static analysis},
} 

@inproceedings{Acharya:2011:PCI,
 author = {Acharya, Mithun and Robinson, Brian},
 title = {Practical change impact analysis based on static program slicing for industrial software systems},
 booktitle = {Proceedings of the 33rd International Conference on Software Engineering},
 series = {ICSE '11},
 year = {2011},
 isbn = {978-1-4503-0445-0},
 location = {Waikiki, Honolulu, HI, USA},
 pages = {746--755},
 numpages = {10},
 url = {http://doi.acm.org/10.1145/1985793.1985898},
 doi = {10.1145/1985793.1985898},
 acmid = {1985898},
 publisher = {ACM},
 address = {New York, NY, USA},
 keywords = {change impact analysis, empirical study, static program slicing},
} 

@inproceedings{Kim:2006:AIB,
 author = {Kim, Sunghun and Zimmermann, Thomas and Pan, Kai and Whitehead, E. James Jr.},
 title = {Automatic Identification of Bug-Introducing Changes},
 booktitle = {Proceedings of the 21st IEEE/ACM International Conference on Automated Software Engineering},
 series = {ASE '06},
 year = {2006},
 isbn = {0-7695-2579-2},
 pages = {81--90},
 numpages = {10},
 url = {http://dx.doi.org/10.1109/ASE.2006.23},
 doi = {10.1109/ASE.2006.23},
 acmid = {1169308},
 publisher = {IEEE Computer Society},
 address = {Washington, DC, USA},
}